@book{nikolenko_dl,
  title     = {Глубокое обучение},
  author    = {Николенко, С. И.},
  publisher = {Издательство <<Диалектика>>},
  address   = {Москва},
  year      = {2018},
  language  = {russian}
}

@online{pasta_gan,
    title={PASTA-GAN++: A Versatile Framework for High-Resolution Unpaired Virtual Try-on},
    url = {https://arxiv.org/abs/2207.13475},
    urldate = {07.05.2025},
    note = {Загл. с экр. Яз. англ.},
    language = {english}
}

@online{ladi,
    title={LaDI-VTON: Latent Diffusion Textual-Inversion Enhanced Virtual Try-On},
    url = {https://arxiv.org/abs/2305.13501},
    urldate = {10.05.2025},
    note = {Загл. с экр. Яз. англ.},
    language = {english}
}

@online{8765346,
    title={OpenPose: Realtime Multi-Person 2D Pose Estimation using Part Affinity Fields},
    url = {https://arxiv.org/abs/1812.08008},
    urldate = {12.05.2025},
    note = {Загл. с экр. Яз. англ.},
    language = {english}
}

@online{fid,
    title={Reviewing FID and SID Metrics on Generative Adversarial Networks},
    url = {https://arxiv.org/abs/2402.03654},
    urldate = {20.05.2025},
    note = {Загл. с экр. Яз. англ.},
    language = {english}
}

@online{lpips,
    title={The Unreasonable Effectiveness of Deep Features as a Perceptual Metric},
    url = {https://arxiv.org/abs/1801.03924},
    urldate = {22.05.2025},
    note = {Загл. с экр. Яз. англ.},
    language = {english}
}

@online{promptdresser,
    title={PromptDresser: Improving the Quality and Controllability of Virtual Try-On via Generative Textual Prompt and Prompt-aware Mask},
    url = {https://arxiv.org/pdf/2412.16978},
    urldate = {8.05.2025},
    note = {Загл. с экр. Яз. англ.},
    language = {english}
}
