@article{cv_intro, 
    title = {Компьютерное зрение: концепт, функционально-целевое назначение, структура, регуляторика},
    author = {И. В. Понкин and В. П. Куприяновский and С. Л. Морева and А. И. Лаптева},
    journal = {International Journal of Open Information Technologies},
    year = {2024},
    volume = {12},
    pages = {57--67},
    language = {russian}
}
@article{generative_plus_gan, 
    title = {Исследование возможности применения нейронных сетей для восстановления изображения лица в системах распознавания},
    author = {Е. И. Маркин and В. В. Зупарова and А. И. Мартышкин},
    journal = {Труды Института системного программирования РАН},
    year = {2022},
    volume = {34},
    pages = {117--126},
    language = {russian}
}

@book{nikolenko_dl,
  title     = {Глубокое обучение},
  author    = {Николенко, С. И.},
  publisher = {Издательство <<Диалектика>>},
  address   = {Москва},
  year      = {2018},
  language  = {russian}
}

@online{gan_intro,
    title={Generative Adversarial Networks},
    url = {https://arxiv.org/abs/1406.2661},
    urldate = {04.05.2025},
    note = {Загл. с экр. Яз. англ.},
    language = {english}
}

@online{unpaired,
    title={Unpaired Image-to-Image Translation using Cycle-Consistent Adversarial Networks},
    url = {https://arxiv.org/abs/1703.10593},
    urldate = {05.05.2025},
    note = {Загл. с экр. Яз. англ.},
    language = {english}
}

@online{pasta_gan,
    title={PASTA-GAN++: A Versatile Framework for High-Resolution Unpaired Virtual Try-on},
    url = {https://arxiv.org/abs/2207.13475},
    urldate = {07.05.2025},
    note = {Загл. с экр. Яз. англ.},
    language = {english}
}

@online{spade,
    title={Semantic Image Synthesis with Spatially-Adaptive Normalization},
    url = {https://arxiv.org/abs/1903.07291},
    urldate = {07.05.2025},
    note = {Загл. с экр. Яз. англ.},
    language = {english}
}

@article{diffusion_intro,
  title    = {Denoising Diffusion Probabilistic Models},
  author   = {Ho, Jonathan and Jain, Ajay and Abbeel, Pieter},
  journal  = {Advances in Neural Information Processing Systems},
  volume   = {33},
  pages    = {6840--6851},
  year     = {2020},
  language = {english}
}

@article{diffusion_thermo,
  title   = {Deep Unsupervised Learning using Nonequilibrium Thermodynamics},
  author  = {Sohl-Dickstein, Jascha and Weiss, Eric A. and Maheswaranathan, Niru and Ganguli, Surya},
  journal = {Proceedings of the 32nd International Conference on Machine Learning (ICML)},
  year    = {2015},
  volume  = {37},
  pages   = {2256--2265},
  language = {english}
}

@online{ladi,
    title={LaDI-VTON: Latent Diffusion Textual-Inversion Enhanced Virtual Try-On},
    url = {https://arxiv.org/abs/2305.13501},
    urldate = {10.05.2025},
    note = {Загл. с экр. Яз. англ.},
    language = {english}
}

@online{8765346,
    title={OpenPose: Realtime Multi-Person 2D Pose Estimation using Part Affinity Fields},
    url = {https://arxiv.org/abs/1812.08008},
    urldate = {12.05.2025},
    note = {Загл. с экр. Яз. англ.},
    language = {english}
}

@online{numpy,
    title={NumPy},
    url = {https://numpy.org/},
    urldate = {03.05.2025},
    note = {Загл. с экр. Яз. англ.},
    language = {english}
}

@online{opencv,
    title={OpenCV - Open Computer Vision Library},
    url = {https://opencv.org/},
    urldate = {03.05.2025},
    note = {Загл. с экр. Яз. англ.},
    language = {english}
}

@online{torch,
    title={PyTorch},
    url = {https://pytorch.org/},
    urldate = {03.05.2025},
    note = {Загл. с экр. Яз. англ.},
    language = {english}
}

@online{cuda,
    title={CUDA Toolkit - Free Tools and Training | NVIDIA Developer},
    url = {https://developer.nvidia.com/cuda-toolkit},
    urldate = {03.05.2025},
    note = {Загл. с экр. Яз. англ.},
    language = {english}
}

@online{fid,
    title={Reviewing FID and SID Metrics on Generative Adversarial Networks},
    url = {https://arxiv.org/abs/2402.03654},
    urldate = {20.05.2025},
    note = {Загл. с экр. Яз. англ.},
    language = {english}
}

@online{lpips,
    title={The Unreasonable Effectiveness of Deep Features as a Perceptual Metric},
    url = {https://arxiv.org/abs/1801.03924},
    urldate = {22.05.2025},
    note = {Загл. с экр. Яз. англ.},
    language = {english}
}

@online{promptdresser,
    title={PromptDresser: Improving the Quality and Controllability of Virtual Try-On via Generative Textual Prompt and Prompt-aware Mask},
    url = {https://arxiv.org/pdf/2412.16978},
    urldate = {8.05.2025},
    note = {Загл. с экр. Яз. англ.},
    language = {english}
}
